<record><leader>00000cas a22000007a 4500</leader><controlfield tag="001">17398641</controlfield><controlfield tag="008">880127d18791898nyudn ne      0    0eng d</controlfield><datafield ind1=" " ind2=" " tag="010"><subfield code="a">sn 88074124 </subfield></datafield><datafield ind1=" " ind2=" " tag="040"><subfield code="a">NYS</subfield><subfield code="b">eng</subfield><subfield code="c">NYS</subfield><subfield code="d">CNK</subfield><subfield code="d">OCLCQ</subfield></datafield><datafield ind1=" " ind2=" " tag="042"><subfield code="a">msc</subfield></datafield><datafield ind1="0" ind2="0" tag="245"><subfield code="a">Daily press and Knickerbocker.</subfield></datafield><datafield ind1=" " ind2=" " tag="260"><subfield code="a">Albany, N.Y. :</subfield><subfield code="b">John H. Farrell, Myron H. Rooker, James MacFarlane</subfield></datafield><datafield ind1=" " ind2=" " tag="300"><subfield code="a">v.</subfield></datafield><datafield ind1=" " ind2=" " tag="310"><subfield code="a">Daily (except Sunday)</subfield></datafield><datafield ind1="1" ind2=" " tag="362"><subfield code="a">Began in 1879; ceased in 1898.</subfield></datafield><datafield ind1=" " ind2=" " tag="580"><subfield code="a">Weekly ed.: Sunday press (Albany, N.Y.).</subfield></datafield><datafield ind1=" " ind2=" " tag="588"><subfield code="a">Description based on: 37th year (Jan. 1, 1880).</subfield></datafield><datafield ind1=" " ind2="4" tag="651"><subfield code="a">Albany (N.Y.)</subfield><subfield code="v">Newspapers.</subfield></datafield><datafield ind1=" " ind2=" " tag="752"><subfield code="a">United States</subfield><subfield code="b">New York</subfield><subfield code="c">Albany</subfield><subfield code="d">Albany.</subfield></datafield><datafield ind1="1" ind2=" " tag="775"><subfield code="t">Sunday press (Albany, N.Y.)</subfield><subfield code="w">(DLC)sn 83030773</subfield></datafield><datafield ind1="0" ind2="0" tag="780"><subfield code="t">Daily press and Albany Knickerbocker</subfield><subfield code="w">(DLC)sn 88074125</subfield></datafield><datafield ind1="0" ind2="7" tag="785"><subfield code="t">Albany morning express (Albany, N.Y. : 1857)</subfield><subfield code="w">(DLC)sn 86053041</subfield></datafield><datafield ind1="0" ind2="7" tag="785"><subfield code="t">Daily press-Knickerbocker, Albany morning express</subfield><subfield code="w">(DLC)sn 88074205</subfield></datafield><datafield ind1="1" ind2=" " tag="029"><subfield code="a">AU@</subfield><subfield code="b">000025830424</subfield></datafield></record>